<record><leader>00000cas a22000007a 4500</leader><controlfield tag="001">13500059</controlfield><controlfield tag="008">860426d19311941hiuwr ne      0    0ilo d</controlfield><datafield ind1=" " ind2=" " tag="010"><subfield code="a">sn 85047302 </subfield></datafield><datafield ind1=" " ind2=" " tag="040"><subfield code="a">HWN</subfield><subfield code="b">eng</subfield><subfield code="c">HWN</subfield><subfield code="d">OCLCQ</subfield><subfield code="d">OCLCF</subfield><subfield code="d">OCLCO</subfield></datafield><datafield ind1="1" ind2=" " tag="029"><subfield code="a">AU@</subfield><subfield code="b">000025199046</subfield></datafield><datafield ind1=" " ind2=" " tag="042"><subfield code="a">msc</subfield></datafield><datafield ind1=" " ind2=" " tag="043"><subfield code="a">n-us-hi</subfield></datafield><datafield ind1="0" ind2="0" tag="245"><subfield code="a">Kauai Filipino news.</subfield></datafield><datafield ind1=" " ind2=" " tag="260"><subfield code="a">Lihue, Kauai, Hawaii :</subfield><subfield code="b">Garden Island Pub. Co.</subfield></datafield><datafield ind1=" " ind2=" " tag="300"><subfield code="a">11 v. :</subfield><subfield code="b">ill. ;</subfield><subfield code="c">58 cm.</subfield></datafield><datafield ind1=" " ind2=" " tag="310"><subfield code="a">Weekly</subfield></datafield><datafield ind1="0" ind2=" " tag="362"><subfield code="a">-v. 11, no. 46 (May 30, 1941).</subfield></datafield><datafield ind1="1" ind2=" " tag="362"><subfield code="a">Began in 1931.</subfield><subfield code="z">Cf. Ayer, 1934.</subfield></datafield><datafield ind1=" " ind2=" " tag="500"><subfield code="a">No more published?</subfield></datafield><datafield ind1=" " ind2=" " tag="500"><subfield code="a">Editors: &lt;1932&gt;, A.S. Fernandez; Mar. 1933-1941, A.A. Albayalde.</subfield></datafield><datafield ind1=" " ind2=" " tag="546"><subfield code="a">In Ilocano.</subfield></datafield><datafield ind1=" " ind2=" " tag="588"><subfield code="a">Description based on: Vol. 1, no. 21 (Jan. 1, 1932).</subfield></datafield><datafield ind1=" " ind2="0" tag="651"><subfield code="a">Kauai (Hawaii)</subfield><subfield code="v">Periodicals.</subfield></datafield><datafield ind1=" " ind2="0" tag="650"><subfield code="a">Filipinos</subfield><subfield code="z">Hawaii</subfield><subfield code="v">Periodicals.</subfield></datafield><datafield ind1=" " ind2="7" tag="655"><subfield code="a">Periodicals.</subfield><subfield code="2">fast</subfield><subfield code="0">(OCoLC)fst01411641</subfield></datafield><datafield ind1=" " ind2="7" tag="650"><subfield code="a">Filipinos.</subfield><subfield code="2">fast</subfield><subfield code="0">(OCoLC)fst00924213</subfield></datafield><datafield ind1=" " ind2="7" tag="651"><subfield code="a">Hawaii.</subfield><subfield code="2">fast</subfield><subfield code="0">(OCoLC)fst01208724</subfield></datafield><datafield ind1=" " ind2="7" tag="651"><subfield code="a">Hawaii</subfield><subfield code="z">Kauai.</subfield><subfield code="2">fast</subfield><subfield code="0">(OCoLC)fst01245086</subfield></datafield><datafield ind1="1" ind2=" " tag="700"><subfield code="a">Fernandez, A. S.</subfield></datafield><datafield ind1="1" ind2=" " tag="700"><subfield code="a">Albayalde, A. A.</subfield><subfield code="q">(Abraham A.)</subfield></datafield><datafield ind1=" " ind2=" " tag="752"><subfield code="a">United States</subfield><subfield code="b">Hawaii</subfield><subfield code="c">Kauai</subfield><subfield code="d">Lihue.</subfield></datafield><datafield ind1="0" ind2="0" tag="785"><subfield code="t">Filipino news</subfield><subfield code="w">(DLC)sn 85047216</subfield><subfield code="w">(OCoLC)12548637</subfield></datafield></record>